@article{thrun2006probalistic,
  title={Probalistic robotics},
  author={Thrun, Sebastian and Burgard, Wolfram and Fox, Dieter},
  journal={Kybernetes},
  volume={35},
  number={7/8},
  pages={1299--1300},
  year={2006},
  publisher={Emerald Group Publishing Limited}
}

@article{vizzo2023kiss,
  title={Kiss-icp: In defense of point-to-point icp--simple, accurate, and robust registration if done the right way},
  author={Vizzo, Ignacio and Guadagnino, Tiziano and Mersch, Benedikt and Wiesmann, Louis and Behley, Jens and Stachniss, Cyrill},
  journal={IEEE Robotics and Automation Letters},
  volume={8},
  number={2},
  pages={1029--1036},
  year={2023},
  publisher={IEEE}
}
